%%%				-*- bibtex -*-

@Book{Analects,
	Author={Confucius},
	Title={{A}nalects},
	Year={5th century BC}
}

@Misc{HBaker2005,
        Author={Henry Baker},
	Title={The {L}egacy of {L}isp},
	Year="2005",
	URL="http://www.international-lisp-conference.org/2005/media/baker-slides.pdf"
}

@Misc{EngelbartDemo,
	Author={Douglas Engelbart},
        Title={The mother of all demos},
        Year="1968",
	URL="http://www.dougengelbart.org/firsts/dougs-1968-demo.html"
}
